<record xmlns:xsi="http://www.w3.org/2001/XMLSchema-instance" xmlns="http://www.loc.gov/MARC21/slim" xsi:schemaLocation="http://www.loc.gov/MARC21/slim http://www.loc.gov/standards/marcxml/schema/MARC21slim.xsd">

  <leader>00432nam a2200133Ia 4500</leader>
  <datafield ind1=" " ind2=" " tag="999">
    <subfield code="c">1665</subfield>
    <subfield code="d">1665</subfield>
  </datafield>
  <controlfield tag="008">180321bs       cr ||||| |||| 00| | spa d</controlfield>
  <datafield ind1=" " tag="090" ind2=" ">
    <subfield code="a">06.03.01 </subfield>
    <subfield code="b">200</subfield>
  </datafield>
  <datafield ind1="1" tag="110" ind2=" ">
    <subfield code="a">Costa Rica. Ministerio de Educación Pública</subfield>
    <subfield code="9">545</subfield>
  </datafield>
  <datafield tag="245" ind2="3" ind1="1">
    <subfield code="a">La adecuación curricular dentro de una nueva perspectiva educativa</subfield>
  </datafield>
  <datafield ind1=" " ind2=" " tag="260">
    <subfield code="a">San José, Costa Rica : </subfield>
    <subfield code="b">Shaal Editores, </subfield>
    <subfield code="c">s.f</subfield>
  </datafield>
  <datafield ind1=" " tag="300" ind2=" ">
    <subfield code="a">51 páginas</subfield>
  </datafield>
  <datafield ind1="1" ind2="4" tag="650">
    <subfield code="a">SISTEMAS DE ENSEÑANZA</subfield>
    <subfield code="9">401</subfield>
  </datafield>
  <datafield tag="650" ind2="4" ind1="1">
    <subfield code="a">ADECUACIÓN CURRICULAR</subfield>
    <subfield code="9">2499</subfield>
  </datafield>
  <datafield ind1=" " tag="942" ind2=" ">
    <subfield code="2">z</subfield>
    <subfield code="c">01</subfield>
  </datafield>
</record>